@misc{autodeskrecap,
author = {Autodesk},
title = {Photogrammetry Software | Photos to 3D Model},
howpublished = {\url{https://www.autodesk.com/solutions/photogrammetry-software}},
}

@misc{osmopocket,
author = {DJI},
title = {Osmo Pocket},
howpublished = {\url{https://www.dji.com/nl/osmo-pocket}},
}

@misc{dronemodel,
author = {Robin Westerik},
title = {RWSUU-Drone-Model},
howpublished = {\url{https://github.com/remotewatersensing/RWSUU-Drone-Model}},
}

@misc{prr,
author = {Robin Westerik},
title = {remotewatersensing/RWSUU-Preliminary-Research-Report},
howpublished = {\url{https://github.com/remotewatersensing/RWSUU-Preliminary-Research-Report/releases/}},
}

@misc{swellpronotion,
author = {Swellpro},
title = {SDK Document},
}

@misc{vietduino,
author = {Hshop.vn},
title = {Vietduino Uno (Arduino Uno Compatible)},
howpublished = {\url{https://hshop.vn/products/vietduino-uno}},
}

@misc{screwshield,
author = {Hshop.vn},
title = {Arduino Screw Shield V3},
howpublished = {\url{https://hshop.vn/products/arduino-screw-shield-v3}},
}

@misc{Dallas,
author = {Miles Burton},
title = {DallasTemperature},
howpublished = {\url{https://www.arduino.cc/reference/en/libraries/dallastemperature/}},
}

@misc{dat2csv,
author = {Robin Westerik},
title = {remotewatersensing/RWSUU\_DAT2CSV},
howpublished = {\url{https://github.com/remotewatersensing/RWSUU_DAT2CSV}},
}

@misc{platformio,
author = {PlatformIO},
title = {A professional collaborative platform for embedded development Â· PlatformIO},
howpublished = {\url{https://platformio.org/}},
}

@misc{doxygen,
title = {Doxygen},
howpublished = {\url{https://www.doxygen.nl/index.html}},
}

@misc{OneWire,
author = {Arduino},
title = {OneWire},
howpublished = {\url{https://www.arduino.cc/reference/en/libraries/onewire/}},
}

@misc{ec10,
author = {DFRobot},
title = {EC10: Arduino library for Gravity: Analog Electrical Conductivity Sensor},
howpublished = {\url{https://github.com/DFRobot/DFRobot_EC10}},
}

@misc{shopee,
title = {Shopee Viet Nam},
howpublished = {\url{https://shopee.vn/}},
}

@misc{projectplan,
author = {Robin Westerik},
title = {RWSUU Project Plan},
howpublished = {\url{https://github.com/remotewatersensing/RWSUU-Project-Plan/releases/tag/v1.1}},
}

@misc{nhattao,
author = {Sean Boyce},
title = {The Electronics Markets Of Ho Chi Minh City, Vietnam},
howpublished = {\url{https://hackaday.com/2017/09/25/the-electronics-markets-of-ho-chi-minh-city-vietnam/}},
}

@misc{rwsuucontroller,
author = {Robin Westerik},
title = {remotewatersensing/RWSUU\_Controller},
howpublished = {\url{https://github.com/remotewatersensing/RWSUU_Controller/blob/main/README.md}},
}

@misc{golang,
title = {The Go Programming Language},
howpublished = {\url{https://go.dev/}},
}

@misc{thingsboard,
title = {ThingsBoard},
howpublished = {\url{https://thingsboard.io/}},
}

@misc{phlibrary,
author = {DFRobot},
title = {Arduino library for Gravity: Analog pH Sensor},
howpublished = {\url{https://github.com/DFRobot/DFRobot_PH}},
}

@misc{DS1307RTC,
author = {PaulStoffregen},
title = {DS1307RTC: Use a DS1307 Real Time Clock chip with the Time library},
howpublished = {\url{https://github.com/PaulStoffregen/DS1307RTC}},
}

@misc{timelibrary,
author = {Arduino},
title = {Time},
howpublished = {\url{https://www.arduino.cc/reference/en/libraries/time/}},
}

@misc{sdlibrary,
author = {Arduino},
title = {SD},
howpublished = {\url{https://www.arduino.cc/reference/en/libraries/sd/}},
}

@misc{rwsuufirmware,
author = {Robin Westerik},
title = {remotewatersensing/RWSUU\_Firmware},
howpublished = {\url{https://github.com/remotewatersensing/RWSUU_Firmware}},
}