@misc{hanna,
author = {Hanna Instruments},
title = {pH Meter for Water},
howpublished = {\url{https://www.hannainst.com/hi98107-phep-ph-tester.html}},
}

@misc{splashdronemanual,
author = {Swellpro},
title = {SplashDrone 4 User Manual},
howpublished = {\url{https://support.swellpro.com/hc/en-us/sections/5586262013721-User-Manual}},
}

@misc{designreport,
author = {Robin Westerik},
title = {RWSUU Design Report},
howpublished = {\url{https://github.com/remotewatersensing/RWSUU-Design-Report}},
}