@book{oates2005researching,
  title={Researching information systems and computing},
  author={Oates, Briony J},
  year={2005},
  publisher={Sage}
}

@misc{surfacewater,
author = {National Geographic Society},
title = {Surface Water},
howpublished = {\url{https://www.nationalgeographic.org/encyclopedia/surface-water/}},
note = {(Accessed on 02/07/2022)}
}

@misc{kanban,
author = {Microsoft Docs},
title = {What is Kanban?},
howpublished = {\url{https://docs.microsoft.com/en-us/devops/plan/what-is-kanban}},
month = {05},
year = {2021},
note = {(Accessed on 02/07/2022)}
}

@misc{assignmentform,
author = {Robin Westerik},
title = {Graduation Assignment Form},
month = {01},
year = {2022},
}

@misc{git,
author = {The Git community},
title = {Git Distributed Version Control System},
howpublished = {\url{https://git-scm.com/}},
note = {(Accessed on 02/07/2022)}
}

@book{moscow,
 author = {Stapleton, Jennifer},
 title = {DSDM, dynamic systems development method: Chapter 10 - MoSCoW prioritization},
 publisher = {Addison-Wesley},
 year = {1997},
 address = {Harlow, England Reading, Mass},
 isbn = {978-0201178890}
 }
 
@misc{mvp,
author = {Agile Alliance},
title = {What is a Minimum Viable Product (MVP)?},
howpublished = {\url{https://www.agilealliance.org/glossary/mvp}},
note = {(Accessed on 02/07/2022)}
}

@misc{ghprojects,
author = {Robin Westerik},
title = {Github Projects - remotewatersensing},
howpublished = {\url{https://github.com/orgs/remotewatersensing/projects}},
}

@misc{gh,
title = {GitHub},
howpublished = {\url{https://github.com/}},
}

@misc{diagrams,
title = {Diagram.net - Diagram Software and Flowchart Maker},
howpublished = {\url{https://www.diagrams.net/}},
}

@misc{latex,
title = {LaTeX - A document preparation system},
howpublished = {\url{https://www.latex-project.org/}},
}

@misc{overleaf,
title = {Overleaf - Online LaTeX Editor},
howpublished = {\url{https://www.overleaf.com/}},
}

@misc{codeql,
title = {CodeQL - Actions for running vulnerability analysis},
howpublished = {\url{https://github.com/github/codeql-action}},
}

@misc{misra,
author = {The Motor Industry Software Reliability Association},
title = {MISRA Compliance 2020},
howpublished = {\url{https://www.misra.org.uk/app/uploads/2021/06/MISRA-Compliance-2020.pdf}},
month = {06},
year = {2021},
note = {(Accessed on 02/08/2022)}
}

@misc{clion,
title = {CLion - IDE for C and C++ by JetBrains},
howpublished = {\url{https://www.jetbrains.com/clion/}},
}

@misc{clion:misra,
title = {MISRA checks supported in CLion},
howpublished = {\url{https://youtrack.jetbrains.com/articles/CPP-A-191430682}},
month = {12},
year = {2021},
}

@misc{pernam,
title = {Pernam JSC – Water Treatment Technologies},
howpublished = {\url{http://pernam.com.vn/EN/index.html}},
}

@misc{tdtu,
title = {Ton Duc Thang University},
howpublished = {\url{https://tdtu.edu.vn/en}},
}

@misc{vietstats,
author = {General Statistics Office},
title = {Statistical Yearbook of Vietnam 2019},
howpublished = {\url{https://www.gso.gov.vn/wp-content/uploads/2020/09/Nien-giam-thong-ke-day-du-2019.pdf}},
month = {09},
year = {2020},
}

@misc{wur,
author = {WUR},
title = {Mekong Delta: Vietnam’s rice bowl transitions into a diverse food basket},
howpublished = {\url{https://www.wur.nl/en/show-longread/Mekong-Delta-Vietnams-rice-bowl-transitions-into-a-diverse-food-basket.htm}},
}

@article{minderhoud2020,
	doi = {10.1088/2515-7620/ab5e21},
	url = {https://doi.org/10.1088/2515-7620/ab5e21},
	year = 2020,
	month = {jan},
	publisher = {{IOP} Publishing},
	volume = {2},
	number = {1},
	pages = {011005},
	author = {P S J Minderhoud and H Middelkoop and G Erkens and E Stouthamer},
	title = {Groundwater extraction may drown mega-delta: projections of extraction-induced subsidence and elevation of the Mekong delta for the 21st century},
	journal = {Environmental Research Communications},
}

@misc{saxrcd,
author = {Robin Westerik},
title = {RWSUU - Saxion Research Cloud Drive},
howpublished = {\url{https://saxion.data.surfsara.nl/index.php/s/40QFHL3OG1pkqXK}},
}

@misc{robor,
title = {Robor Electronics B.V.},
howpublished = {\url{https://robor.nl/}},
}