@misc{mrc,
author = {Mekong River Commission},
title = {SEA Hydropower Report},
howpublished = {\url{https://www.mrcmekong.org/assets/Publications/Consultations/SEA-Hydropower/SEA-Main-Final-Report.pdf}},
month = {10},
year = {2010}
}

@misc{arcbc,
author = {ARCBC (ASEAN Regional Centre for Biodiversity Conservation)},
title = {Mekong Delta Statistics},
howpublished = {\url{https://web.archive.org/web/20120921011536/http://www.arcbc.org.ph/wetlands/vietnam/vnm_mekdel.htm}},
}

@misc{wyrdykes,
author = {Albert Sikkema},
title = {Breaching dykes in
the Mekong Delta},
howpublished = {\url{https://edepot.wur.nl/472608}}
}

@misc{salinity,
author = {CGIAR Research Centers in Southeast Asia},
title = {The drought and salinity intrusion in the Mekong River Delta of Vietnam: Assessment Report},
howpublished = {\url{https://cgspace.cgiar.org/handle/10568/75633}},
month = {4},
year = {2016},
}

@article{minderhoud2017,
	doi = {10.1088/1748-9326/aa7146},
	url = {https://doi.org/10.1088/1748-9326/aa7146},
	year = 2017,
	month = {may},
	publisher = {{IOP} Publishing},
	volume = {12},
	number = {6},
	pages = {064006},
	author = {P S J Minderhoud and G Erkens and V H Pham and V T Bui and L Erban and H Kooi and E Stouthamer},
	title = {Impacts of 25 years of groundwater extraction on subsidence in the Mekong delta, Vietnam},
	journal = {Environmental Research Letters}
}

@misc{insar,
author = {Land Subsidence in California},
title = {Interferometric Synthetic Aperture Radar (InSAR)},
howpublished = {\url{https://www.usgs.gov/centers/land-subsidence-in-california/science/interferometric-synthetic-aperture-radar-insar}},
month = {12},
year = {2018}
}

@misc{bipolarscale,
author = {Ipsos},
title = {Ipsos Encyclopedia - Bipolar Scale},
howpublished = {\url{https://www.ipsos.com/en/ipsos-encyclopedia-bipolar-scale}}
}

@misc{ardupilot,
title = {ArduPilot - Versatile, Trusted, Open},
howpublished = {\url{https://ardupilot.org/}}
}

@misc{ipstandard,
author = {Ghibson Valves},
title = {IP - EN 60529},
howpublished = {\url{https://www.uni-valve.com/files/pdf/teknik/ip.pdf}}
}

@misc{phantomrain,
author = {Phantom Rain},
title = {All Products},
howpublished = {\url{https://www.phantomrain.org/all-products}}
}

@misc{diylanding,
author = {Agry Ram},
title = {How to make floating landing gear for DJI Phantom quadcopter - YouTube},
howpublished = {\url{https://www.youtube.com/watch?v=OleU6XNA-0s}}
}

@misc{buylanding,
author = {DroneRafts},
title = {Floats and All Terrain Landing Gear for Drones},
howpublished = {\url{https://www.dronerafts.com/buy-now}}
}


@misc{watercollector,
author = {Swellpro},
title = {Splashdrone 4 Water Collector},
howpublished = {\url{https://store.swellpro.com/collections/splashdrone-4-accessories/products/water-collector-for-splashdrone-4}}
}

@misc{splashdrone4,
author = {Swellpro},
title = {SplashDrone 4 | Multifunctional Waterproof Drone},
howpublished = {\url{https://store.swellpro.com/products/splash-drone-4}}
}

@misc{fishermanfd1,
author = {Swellpro},
title = {Fisherman - Waterproof Fishing Drone},
howpublished = {\url{https://www.swellpro.com/fisherman-fishing-drone.html}},
}

@misc{spry,
author = {Swellpro},
title = {Spry+ Waterproof Sports Drone},
howpublished = {\url{https://store.swellpro.com/products/spry-sports-drone}}
}

@misc{sprypayload,
author = {Paul's Fishing Systems},
title = {SwellPro SPRY+ Drone - How To Set Up For Fishing - YouTube},
howpublished = {\url{https://www.youtube.com/watch?v=xLkLt91kK6c}},
}

@misc{powereggx,
author = {PowerVision},
title = {PowerEgg X Waterproof Drone With Camera},
howpublished = {\url{https://store.eu.powervision.me/products/powereggx}},
}

@misc{phantompilots,
author = {Thunderbird},
title = {Payload on Phantom 4 | DJI Phantom Drone Forum},
howpublished = {\url{https://phantompilots.com/threads/payload-on-phantom-4.79433/}}
}

@misc{thingiverse,
author = {bgill},
title = {Mount for DJI Phantom 4 - Thingiverse},
howpublished = {\url{https://www.thingiverse.com/thing:2019114}},
month = {1},
year = {2017},
}

@misc{polarpro,
author = {Sphere Drones},
title = {Polar Pro - DJI Phantom 4 Pro 360 Mount},
howpublished = {\url{https://spheredrones.com.au/collections/polar-pro/products/polar-pro-dji-phantom-4-pro-360-mount}}
}

@misc{desar,
author = {Robor Electronics B.V.},
title = {DE SAR - App Store},
howpublished = {\url{https://apps.apple.com/nl/app/de-sar/id1529668002}}
}

@misc{dji,
author = {DJI},
title = {DJI GO 4 - Download Center - DJI},
howpublished = {\url{https://www.dji.com/nl/downloads/djiapp/dji-go-4}}
}

@misc{phantom4,
author = {DJI},
title = {Phantom 4},
howpublished = {\url{https://www.dji.com/nl/phantom-4-pro-v2}}
}




@misc{djifly,
author = {DJI},
title = {DJI Fly - App Store},
howpublished = {\url{https://apps.apple.com/us/app/dji-fly/id1479649251}}
}

@misc{air2spayloadrelease,
author = {Finish-Tackle},
title = {Mavic Air 2 Payload Release},
howpublished = {\url{https://finish-tackle.com/product/mavic-air-2-payload-release/}}
}

@misc{thingiverseair,
author = {ianda217},
title = {DJI Air Unit Mounts by ianda217 - Thingiverse},
howpublished = {\url{https://www.thingiverse.com/thing:4362741}}
}

@misc{air2swetsuit,
author = {Finish Tackle},
title = {PhantomRain Mavic Air 2S Wetsuit - Fly in the pouring rain},
howpublished = {\url{https://finish-tackle.com/product/phantomrain-mavic-air-2s-wetsuit/}}
}

@misc{air2slandinggear,
author = {Amazon},
title = {Mavic Air 2S Float Landing Gear, Buoyancy Waterproof Heighten Extender},
howpublished = {\url{https://www.amazon.com/Buoyancy-Waterproof-Heighten-Extender-Training/dp/B08G4DPSK7?th=1}}
}

@misc{fy690s,
author = {Tarot},
title = {TAROT FY690S 6 Axle Full 3K Carbon Fiber Aircraft Frame Folding Hexacopter TL68C01 690mm Airframe},
howpublished = {\url{https://www.amazon.com/Tarot-Aircraft-Folding-Hexacopter-TL68C01/dp/B01D0ZDHUG}},
}

@misc{conformalcoating,
author = {MG Chemicals},
title = {Silicone Modified Conformal Coating},
howpublished = {\url{https://www.mgchemicals.com/products/conformal-coating/silicone-conformal-coatings/silicone-modified-conformal-coating/}}
}

@misc{swellpromotor,
author = {SwellPro},
title = {Waterproof Motor for Splashdrone 4},
howpublished = {\url{https://store.swellpro.com/collections/splashdrone-4-accessories/products/waterproof-motor-for-splashdrone-4}}
}

@misc{hobbywingesc,
title = {Platinum-30A-Pro 2-6S 30A Speed Controller ESC OPTO For Hex Multi Rotor Hexacopter - Newegg.com},
howpublished = {\url{https://www.newegg.com/hobbywing-rc-airplane-hardware/p/1SW-00FP-00014}}
}




@misc{bblue,
title = {Beagle Bone Blue — Copter documentation},
howpublished = {\url{https://ardupilot.org/copter/docs/common-beagle-bone-blue.html}}
}

@misc{ardupilotblue,
author = {mirkix},
title = {ardupilotblue: Howto use BeagleBone Blue with ArduPilot},
howpublished = {\url{https://github.com/mirkix/ardupilotblue}}
}

@misc{jmtbattery,
author = {JMT},
title = {Lion Power 3S Lipo Battery 11.1V 4400mAh 30C T Plug for RC Drone},
howpublished = {\url{https://qwinout.com/products/jmt-lion-power-3s-lipo-battery-11-1v-4400mah-30c-t-plug-for-rc-drone-quadcopter-helicopter-car-boat}}
}

@misc{critnature,
author = {AALTO},
title = {CRITICAL NATURE: Are China’s dams on the Mekong causing downstream drought? The importance of scientific debate},
howpublished = {\url{https://wdrg.aalto.fi/critical-nature-are-chinas-dams-on-the-mekong-causing-downstream-drought-the-importance-of-scientific-debate/}},
}

@misc{secchidisk,
author = {NALMS},
title = {The Secchi Dip-In — What is a Secchi Disk?},
howpublished = {\url{https://www.nalms.org/secchidipin/monitoring-methods/the-secchi-disk/what-is-a-secchi-disk/}},
}


@misc{fpvmonitor,
author = {Flysight},
title = {Black Pearl RC801 FPV Monitor with DVR 5.8Ghz 40CH 7" HD Screen Diversity Receiver},
howpublished = {\url{https://www.amazon.com/gp/product/B00KR69WHY/}}
}

@misc{remotecontroller,
author = {Radiomaster},
title = {TX12 16ch transmitter},
howpublished = {\url{https://www.banggood.com/RadioMaster-TX12-16ch-OpenTX-Multi-Module-Compatible-Digital-Proportional-Radio-System-Transmitter-for-RC-Drone-p-1768286.html}}
}

@misc{vidtransmit,
author = {Caddx},
title = {Caddx Nebula Nano V2 Digital FPV Camera Kit},
howpublished = {\url{https://www.cyclonefpv.com/products/caddx-nebula-nano-v2-digital-fpv-camera-kit?variant=39387094712363}}
}

@misc{aes,
author = {AES Arabia},
title = {Co2 Dosing System},
howpublished = {\url{https://www.aesarabia.com/co2-dosing-system/}}
}

@article{indymoindonesia,
author = {Boogaard, Floris and Lima, Rui and Setyorini, Daru and Beusekom, Martin and Nooy, Christa and De Graaf, Rutger},
year = {2017},
month = {02},
title = {Een eerste kennismaking met onderwaterdrones in Indonesië},
journal = {h20}
}

@BOOK{standardmethods,
  title     = "Standard methods for the examination of water and wastewater",
  author    = "{American Public Health Association}",
  editor    = "Rice, E W and Baird, R B and Eaton, A D",
  publisher = "American Water Works Association",
  edition   =  23,
  month     =  aug,
  year      =  2017,
  language  = "en"
}
@misc{temperatureph,
author = {Reagecon},
title = {Effects of Temperature on pH v4- TSP-01 Issue 2},
howpublished = {\url{https://knowledge.reagecon.com/wp-content/uploads/2019/12/The-Effects-of-Temperature-on-PH-Measurement.pdf}},
month = {12},
year = {2019},
}

@misc{fishphghkh,
author = {Aquarium Co-Op},
title = {The Fish Keeper’s Guide to pH, GH, and KH},
howpublished = {\url{https://www.aquariumcoop.com/blogs/aquarium/ph-gh-kh}}
}

@misc{umassalkalinity,
author = {},
title = {Greenhouse \& Floriculture: Water Quality: pH and Alkalinity | Center for Agriculture, Food, and the Environment at UMass Amherst},
howpublished = {\url{https://ag.umass.edu/greenhouse-floriculture/fact-sheets/water-quality-ph-alkalinity}},
month = {},
year = {},
}

@inproceedings{abdulsamsudin,
author = {Samsudin, Abdul},
year = {2010},
month = {04},
title = {Utilizations of geophysical methods in hydrogeology}
}


@misc{SEN0161V2,
author = {Mouser},
title = {SEN0161-V2 DFRobot},
howpublished = {\url{https://www.mouser.com/ProductDetail/DFRobot/SEN0161-V2}},
}

@misc{SEN0169V2,
author = {Mouser},
title = {SEN0169-V2 DFRobot},
howpublished = {\url{https://www.mouser.com/ProductDetail/DFRobot/SEN0169-V2}},
}

@misc{PH0-14,
author = {Aliexpress},
title = {Liquid PH Value Detection Sensor Module PH Electrode Probe BNC Monitoring Control Board For Arduino BNC Electrode Probe Controll},
howpublished = {\url{https://www.aliexpress.com/item/1005001612930856.html}},
}

@ARTICLE{alkalinitysensor,
  
AUTHOR={Wang, Zhaohui Aleck and Moustahfid},   
	 
TITLE={Advancing Observation of Ocean Biogeochemistry, Biology, and Ecosystems With Cost-Effective in situ Sensing Technologies},      
	
JOURNAL={Frontiers in Marine Science},      
	
VOLUME={6},      
	
YEAR={2019},      
	  
URL={https://www.frontiersin.org/article/10.3389/fmars.2019.00519},       
	
DOI={10.3389/fmars.2019.00519},      
	
ISSN={2296-7745},
}

@misc{DFR0198,
author = {Mouser},
title = {DFR0198 DFRobot},
howpublished = {\url{https://www.mouser.com/ProductDetail/DFRobot/DFR0198}},
}

@misc{USP10982,
author = {Mouser},
title = {USP10982 Littelfuse},
howpublished = {\url{https://www.mouser.com/ProductDetail/Littelfuse/USP10982}},
}

@misc{CN0349,
author = {Mouser},
title = {EVAL-CN0349-PMDZ Analog Devices},
howpublished = {\url{https://www.mouser.com/ProductDetail/Analog-Devices/EVAL-CN0349-PMDZ}},
}

@misc{DFR0300H,
author = {Mouser},
title = {DFR0300-H DFRobot},
howpublished = {\url{https://www.mouser.com/ProductDetail/DFRobot/DFR0300-H}},
}

@misc{SEN0189,
author = {Mouser},
title = {SEN0189 DFRobot},
howpublished = {\url{https://www.mouser.com/ProductDetail/DFRobot/SEN0189}},
}

@misc{KS0414,
author = {Amazon.com},
title = {KEYESTUDIO Turbidity Sensor Module V1},
howpublished = {\url{https://www.amazon.com/KEYESTUDIO-Turbidity-Sensor-Arduino-Quality/dp/B09B7C1X4M}},
}

@misc{phorp,
author = {Aqua Health Products},
title = {Understanding pH and ORP},
howpublished = {\url{http://www.aquahealthproducts.com/understanding-ph-and-orp}},
}

@misc{SEN0165,
author = {Mouser},
title = {SEN0165 DFRobot},
howpublished = {\url{https://www.mouser.vn/ProductDetail/DFRobot/SEN0165}},
}

@misc{orpsensor,
author = {Aliexpress},
title = {Oxidation Reduction Potential Sensor Module},
howpublished = {\url{https://vi.aliexpress.com/item/4000562124706.html}},
}

@misc{tdschart,
title = {TDS Sensor \& Arduino Interfacing for Water Quality Monitoring},
howpublished = {\url{https://how2electronics.com/tds-sensor-arduino-interfacing-water-quality-monitoring/}},
}

@misc{SEN0244,
title = {DFROBOT TDS Meter Sensor With Arduino | DFRobot Electronics},
howpublished = {\url{https://www.mouser.vn/ProductDetail/DFRobot/SEN0244}},
}

@misc{sen0244wiki,
title = {Gravity\_\_Analog\_TDS\_Sensor\_\_\_Meter\_For\_Arduino\_SKU\_\_SEN0244-DFRobot},
howpublished = {\url{https://wiki.dfrobot.com/Gravity__Analog_TDS_Sensor___Meter_For_Arduino_SKU__SEN0244}},
}

@misc{hamilton,
author = {Hamilton Company},
title = {Common ORP Applications | Process Analytics},
howpublished = {\url{https://www.hamiltoncompany.com/process-analytics/ph-and-orp-knowledge/common-orp-applications}},
}

@article{infraredspectrum,
author = {Fox, Glen},
year = {2020},
month = {01},
title = {The Brewing Industry and the Opportunities for Real-Time Quality Analysis Using Infrared Spectroscopy},
volume = {10},
journal = {Applied Sciences},
doi = {10.3390/app10020616}
}

@misc{nasanir,
author = {NASA},
title = {Reflected Near-Infrared Waves | Science Mission Directorate},
howpublished = {\url{https://science.nasa.gov/ems/08_nearinfraredwaves}},
}

@misc{publiclabnir,
author = {Public Lab},
title = {Near-Infrared Camera},
howpublished = {\url{https://publiclab.org/wiki/near-infrared-camera}},
}

@article{victorialake,
  doi = {10.1007/s11269-011-9974-z},
  url = {https://doi.org/10.1007/s11269-011-9974-z},
  year = {2012},
  month = jan,
  publisher = {Springer Science and Business Media {LLC}},
  volume = {26},
  number = {6},
  pages = {1591-1613},
  author = {Paul Omute and Rob Corner and Joseph Langat Awange},
  title = {The use of NDVI and its Derivatives for Monitoring Lake Victoria's Water Level and Drought Conditions},
  journal = {Water Resources Management}
}

@misc{pet,
author = {Simplify3D},
title = {Ultimate Materials Guide - PETG},
howpublished = {\url{https://www.simplify3d.com/support/materials-guide/petg/}},
}

@misc{waterproof3d,
author = {All3DP},
title = {How to Make Waterproof 3D Prints – Simply Explained},
howpublished = {\url{https://all3dp.com/2/waterproof-3d-print-pla/}},
}

@misc{petbottle,
author = {},
title = {PET-1-Pet-bottle-1.jpg},
howpublished = {\url{https://laikoe.com/wp-content/uploads/2019/08/PET-1-Pet-bottle-1.jpg}},
}


@Article{indymoarticle,
AUTHOR = {de Lima, Rui L. Pedroso and Boogaard, Floris C. and de Graaf-van Dinther, Rutger E.},
TITLE = {Innovative Water Quality and Ecology Monitoring Using Underwater Unmanned Vehicles: Field Applications, Challenges and Feedback from Water Managers},
JOURNAL = {Water},
VOLUME = {12},
YEAR = {2020},
NUMBER = {4},
ARTICLE-NUMBER = {1196},
URL = {https://www.mdpi.com/2073-4441/12/4/1196},
ISSN = {2073-4441},
DOI = {10.3390/w12041196}
}

@misc{pelicandrone,
author = {MAVLab},
title = {Pelican drone ensures super quick water sampling},
howpublished = {\url{https://mavlab.tudelft.nl/pelican-drone-ensures-super-quick-water-sampling/}},
}

@misc{pelicandronevideo,
author = {TU Delft},
title = {Pelican drone},
howpublished = {\url{https://www.youtube.com/watch?v=wASteV6Rsyk}},
}

@misc{marinewarrior,
author = {Swellpro},
title = {Swellpro Splash Drone Mariner},
howpublished = {\url{https://www.geekbuying.com/item/Mariner-Warrior-Splash-Drone-FPV-2-4G-8CH-RC-Quadcopter-Waterproof-UFO-With-Devo-7-Transmitter-RTF---White-350221.html}},
}

@misc{terraetaqua,
title = {Terra et Aqua - Maritime Solutions for a changing world},
howpublished = {\url{https://www.iadc-dredging.com/wp-content/uploads/2020/01/terra-et-aqua-157-complete.pdf}},
}

@misc{ebay,
title = {eBay},
howpublished = {\url{https://www.ebay.com/}},
}


@misc{AP2000,
author = {Aquaread},
title = {AP-2000-2000-D Data Sheet},
howpublished = {\url{https://www.aquaread.com/downloads/data-sheets/AP-20002000-D}},
}

@misc{minidot,
author = {pme},
title = {Minidot Data Sheet.pdf},
howpublished = {\url{https://www.fondriest.com/pdf/pme_minidot_spec.pdf}},
}

@misc{ctddiver,
author = {van Essen Instruments},
title = {CTD-Diver Tech-Sheet},
howpublished = {\url{https://www.vanessen.com/wp-content/uploads/2021/12/CTD-Diver-DI28x-TechSheet-en-m.pdf}},
}

@misc{troll9500,
author = {In-Situ Inc.},
title = {TROLL 9500 Multiparameter Instrument - Datasheet},
howpublished = {\url{https://www.inmtn.com/docs/In-situ/TROLL9500_specs.pdf}},
}

@misc{worldatlas,
author = {WorldAtlas},
title = {Mekong River},
howpublished = {\url{https://www.worldatlas.com/rivers/mekong-river.html}},
}

@misc{riseandfall,
author = {Utrecht University},
title = {Project: Rise and Fall},
howpublished = {\url{https://www.uu.nl/en/futuredeltas/project-rise-and-fall}},
}

@misc{overhang,
author = {All3DP},
title = {3D Printing Overhang: How to 3D Print Overhangs},
howpublished = {\url{https://all3dp.com/2/3d-printing-overhang-how-to-master-overhangs-exceeding-45/}},
}

@misc{phmerriam,
author = {Merriam-Webster},
title = {pH Definition \& Meaning},
howpublished = {\url{https://www.merriam-webster.com/dictionary/pH}},
}

@misc{lenntech,
author = {Lenntech},
title = {Water conductivity},
howpublished = {\url{https://www.lenntech.com/applications/ultrapure/conductivity/water-conductivity.htm}},
}

@misc{merriamconductivity,
author = {Merriam Webster},
title = {Conductivity Definition \& Meaning - Merriam-Webster},
howpublished = {\url{https://www.merriam-webster.com/dictionary/conductivity}},
}

@misc{globalissues,
author = {Global Issues},
title = {ENVIRONMENT: Blame on Chinese Dams Rise as Mekong River Dries Up},
howpublished = {\url{https://www.globalissues.org/news/2010/03/17/4880}},
}

@misc{voanews,
author = {Luke Hunt},
title = {Mekong Drought Enters Fourth Year; Worst Conditions in 60 Years},
howpublished = {\url{https://www.voanews.com/a/mekong-drought-enters-fourth-year-worst-conditions-in-60-years/6436938.html}},
}

@misc{saigononline,
author = {SSGP},
title = {Mekong delta faces severe salinization},
howpublished = {\url{https://www.sggpnews.org.vn/national/mekong-delta-faces-severe-salinization-80613.html}},
}